<?xml version="1.0" encoding="UTF-8"?><collection xmlns="http://www.loc.gov/MARC21/slim"><record><leader>00596nam--2200205-u-4500</leader><controlfield tag="001">000050637</controlfield><controlfield tag="002">20161230</controlfield><controlfield tag="005">20161230201048</controlfield><controlfield tag="008">080226s1000------------r-----000-0-eng-d</controlfield><datafield ind1=" " ind2=" " tag="020"><subfield code="a">9780198520634</subfield></datafield><datafield ind1=" " ind2=" " tag="040"><subfield code="a">IFIN-HH</subfield></datafield><datafield ind1=" " ind2=" " tag="080"><subfield code="a">530.145:519.21:517.982.22</subfield></datafield><datafield ind1="1" ind2=" " tag="100"><subfield code="a">Breuer, Heinz-Peter</subfield></datafield><datafield ind1="1" ind2="0" tag="245"><subfield code="a">The Theory of Open Quantum Systems</subfield><subfield code="c">Heinz-Peter Breuer; Francesco Petruccione</subfield></datafield><datafield ind1=" " ind2=" " tag="260"><subfield code="a">Oxford</subfield><subfield code="b">Oxford University Press</subfield><subfield code="c">2006</subfield></datafield><datafield ind1=" " ind2=" " tag="300"><subfield code="a">625 p</subfield></datafield><datafield ind1=" " ind2="4" tag="650"><subfield code="a">Density Matrix Theory</subfield></datafield><datafield ind1="1" ind2=" " tag="700"><subfield code="a">Petruccione, Francesco</subfield></datafield><datafield ind1=" " ind2=" " tag="852"><subfield code="a">81599</subfield><subfield code="c">530.14</subfield></datafield><datafield ind1=" " ind2=" " tag="CAT"><subfield code="a">Sys</subfield><subfield code="c">20101116</subfield><subfield code="h">145803</subfield></datafield></record></collection>